@misc{Nykiel2020,
  author = {Paul Nykiel},
  title = {C++ Intro},
  year = {2020},
  publisher = {GitHub},
  journal = {GitHub repository},
  howpublished = {\url{https://github.com/aul12/CppCmakeIntro}},
  commit = {6618a120438918a2c43276ef9b0a347aa673df49}
}